@misc{chess1,
	author={Kevin Steele},
	title={Parallel Alpha-Beta Pruning of Game Decision Trees: A Chess Implementation},
	howpublished={\url{https://students.cs.byu.edu/~snell/Classes/CS584/projectsF99/steele/report.html}}
}

@misc{chess2,
	author={ChessProgramming},
	title={Alpha-Beta},
	howpublished={\url{https://chessprogramming.wikispaces.com/Alpha-Beta?responseToken=076c287eba3d0af1afb868542c0c6afa4}}
}
